%%%%%%%%%%%%%%%%%%%%%%%%%%%%%%%%%%%%%%%%%%%%%%%%%%%%%%%%%%%%%%%%%%%%%%%%%%%
%%%%%%%%%%%% INTRO %%%%%%%%%%%%%%%%%%%%%%%%%%%%%%%%%%%%%%%%%%%%%%%%%%%%%%%%
%%%%%%%%%%%%%%%%%%%%%%%%%%%%%%%%%%%%%%%%%%%%%%%%%%%%%%%%%%%%%%%%%%%%%%%%%%%

@article{Digitalization1,
abstract = {},
archivePrefix = {},
arxivId = {},
author = {V. Turner and D. Reinsel and J.F. Gantz and S. Minton},
doi = {},
eprint = {},
isbn = {},
issn = {},
journal = {IDC Analyze the Future},
pages = {},
pmid = {},
primaryClass = {},
title = {{The Digital Universe of Opportunities: Rich Data and the Increasing Value of the Internet of Things}},
url = {},
volume = {},
number = {},
year = {2014}
}

@article{Digitalization2,
abstract = {},
archivePrefix = {},
arxivId = {},
author = {D. Reinsel and J. Gantz and J. Rydning},
doi = {},
eprint = {},
isbn = {},
issn = {},
journal = {IDC White Paper},
pages = {},
pmid = {},
primaryClass = {},
title = {{The Digitization of the World: From Edge to Core}},
url = {},
volume = {},
number = {},
year = {2018}
}

@misc{SpotifyApple,
	 year = {July 5, 2015},
	 title = {{Spotify vs. Apple Music: Is there a difference in sound quality?}},
	 author = "T. Pendlebury",
	 howpublished = "\url{http://www.cnet.com/news/apple-music-vs-spotify-is-there-a-difference-in-sound-quality/}",
	 note = "[Accessed \mydate]"
}

@misc{HEVC,
	 year = {April 18, 2014},
	 title = {{What is HEVC? High Efficiency Video Coding, H.265, and 4K compression explained}},
	 author = "G. Morrison",
	 howpublished = "\url{http://www.cnet.com/news/what-is-hevc-high-efficiency-video-coding-h-265-and-4k-compression-explained/}",
	 note = "[Accessed \mydate]"
}

@book{DTV,
author = {M. Robin and M. Poulin},
booktitle = {Digital Television Fundamentals},
title = {{Digital Television Fundamentals}},
year = {2000},
edition = {2nd},
publisher = {McGraw-Hill Education},
isbn = {}
}


@article{Skype,
abstract = {},
archivePrefix = {},
arxivId = {},
author = {B. Sat and B.W. Wah},
doi = {},
eprint = {},
isbn = {},
issn = {},
journal = {Proc. 2006 IEEE International Conference on Multimedia and Expo (ICME 2006)},
pages = {2153--2156},
pmid = {},
primaryClass = {},
title = {{Analysis and Evaluation of the Skype and Google-Talk VoIP Systems,}},
url = {},
volume = {},
number = {},
year = {2006}
}


@misc{Zoom,
	 year = {May 14, 2020},
	 title = {{A Short on How Zoom Works}},
	 author = "T. Hoff",
	 howpublished = "\url{http://highscalability.com/blog/2020/5/14/a-short-on-how-zoom-works.html}",
	 note = "[Accessed \mydate]"
}

@misc{Nikon,
	 title = {{DSLR Camera Basics: Image Quality and File Type (NEF/RAW, JPEG, and TIFF)}},
	 author = "Nikon Corporation",
	 howpublished = "\url{https://imaging.nikon.com/lineup/dslr/basics/26/01.htm}",
	 note = "[Accessed \mydate]"
}

@misc{Canon,
	 title = {{Should I Use Canon's C-RAW Image File Format?}},
	 author = "B. Carnathan",
	 howpublished = "\url{https://www.the-digital-picture.com/Canon-Cameras/Canon-C-RAW-Image-File-Format.aspx}",
	 note = "[Accessed \mydate]"
}

@misc{gzip,
    title = {{GNU Gzip}},
    howpublished = "\url{https://www.gnu.org/software/gzip/}",
    year = {2020}, 
    note = "[Accessed \mydate]"
}

@misc{WinRAR,
    title = {{WinRAR at a glance}},
    howpublished = "\url{https://www.win-rar.com/features.html}",
    year = {2021}, 
    note = "[Accessed \mydate]"
}

@article{EEG,
abstract = {},
archivePrefix = {},
arxivId = {},
author = {A.J. Casson and D.C. Yates and S.J.M. Smith and J.S. Duncan and E. Rodriguez-Villegas},
doi = {},
eprint = {},
isbn = {},
issn = {},
journal = {IEEE Eng. Med. Biol. Mag.},
pages = {44--56},
pmid = {},
primaryClass = {},
title = {{Wearable electroencephalography: What Is It, Why Is It Needed, and What Does It Entail?}},
url = {},
volume = {29},
number = {3},
year = {2010}
}

@article{ECG,
abstract = {},
archivePrefix = {},
arxivId = {},
author = {H. Mamaghanian and N. Khaled and D. Atienza and P. Vandergheynst},
doi = {},
eprint = {},
isbn = {},
issn = {},
journal = {IEEE Trans. Biomed. Eng.},
pages = {2456--2466},
pmid = {},
primaryClass = {},
title = {{Compressed Sensing for Real-Time Energy-Efficient ECG Compression on Wireless Body Sensor Nodes}},
url = {},
volume = {58},
number = {9},
year = {2011}
}

@misc{HPMars,
    title = {{HP on Mars: Labs technology used to send most accurate images possible}},
    author = "J. Beckett",
    howpublished = "\url{https://www.hpl.hp.com/news/2004/jan-mar/hp_mars.html}",
    year = {January 2004}, 
    note = "[Accessed \mydate]"
}

@misc{Pluto,
    title = {{Photographing Pluto: This Is How New Horizons Works}},
    author = "M. Tramz",
    howpublished = "\url{https://time.com/3944157/new-horizons-pluto/}",
    year = {July 14, 2015}, 
    note = "[Accessed \mydate]"
}

@article{WSNIoT,
abstract = {},
archivePrefix = {},
arxivId = {},
author = {M. Kocakulak and I. Butun},
doi = {},
eprint = {},
isbn = {},
issn = {},
journal = {Proceedings of the IEEE 7th Annual Computing and Communication Workshop and Conference (CCWC)},
pages = {1--6},
pmid = {},
primaryClass = {},
title = {{An Overview of Wireless Sensor Networks Towards Internet of Things}},
url = {},
volume = {},
number = {},
year = {2017}
}

@book{WSNWiley,
author = {K. Sohraby and D. Minoli and T. Znati},
booktitle = {Wireless Sensor Networks: Technology, Protocols, and Applications},
title = {{Wireless Sensor Networks: Technology, Protocols, and Applications}},
year = {2007},
publisher = {Wiley-Interscience},
pages = {10--12},
isbn = {}
}

@article{WSNList,
abstract = {},
archivePrefix = {},
arxivId = {},
author = {A. Ali and Y. Ming and S. Chakraborty and S. Iram},
doi = {},
eprint = {},
isbn = {},
issn = {},
journal = {Future Internet},
pages = {77},
pmid = {},
primaryClass = {},
title = {{A Comprehensive Survey on Real-Time Applications of WSN}},
url = {},
volume = {9},
number = {4},
year = {2017}
}

@article{DCTSurvey,
abstract = {},
archivePrefix = {},
arxivId = {},
author = {J. Uthayakumar and T. Vengattaraman and P. Dhavachelvan},
doi = {},
eprint = {},
isbn = {},
issn = {},
journal = {Journal of King Saud University - Computer and Information Sciences},
pages = {77},
pmid = {},
primaryClass = {},
title = {{A survey on data compression techniques: From the perspective of data quality, coding schemes, data type and applications}},
url = {},
volume = {},
number = {},
year = {2018}
}

@article{ImageOne,
abstract = {},
archivePrefix = {},
arxivId = {},
author = {A.J. Hussain and A. Al-Fayadh and N. Radi},
doi = {},
eprint = {},
isbn = {},
issn = {},
journal = {Neurocomputing},
pages = {44--69},
pmid = {},
primaryClass = {},
title = {{Image compression techniques: A survey in lossless and lossy algorithms}},
url = {},
volume = {300},
number = {},
year = {2018}
}

@article{ImageTwo,
abstract = {},
archivePrefix = {},
arxivId = {},
author = {G. Vijayvargiya and S. Silakari and R. Pandey},
doi = {},
eprint = {},
isbn = {},
issn = {},
journal = {International Journal of Computer Science and Information Security (IJCSIS)},
pages = {},
pmid = {},
primaryClass = {},
title = {{A Survey: Various Techniques of Image Compression}},
url = {},
volume = {11},
number = {10},
year = {2013}
}

@article{AudioOne,
abstract = {},
archivePrefix = {},
arxivId = {},
author = {M. Hans and R.W. Schafer},
doi = {},
eprint = {},
isbn = {},
issn = {},
journal = {IEEE Signal Processing Magazine},
pages = {21--32},
pmid = {},
primaryClass = {},
title = {{Lossless compression of digital audio}},
url = {},
volume = {18},
number = {4},
year = {2001}
}

@article{AudioTwo,
abstract = {},
archivePrefix = {},
arxivId = {},
author = {K. Brandenburg},
doi = {},
eprint = {},
isbn = {},
issn = {},
journal = {AES 17th International Conference on High-Quality Audio Coding},
pages = {},
pmid = {},
primaryClass = {},
title = {{MP3 and AAC explained}},
url = {},
volume = {},
number = {},
year = {1999}
}

@article{VideoOne,
abstract = {},
archivePrefix = {},
arxivId = {},
author = {J.-S. Lee and T. Ebrahimi},
doi = {},
eprint = {},
isbn = {},
issn = {},
journal = {IEEE Journal of Selected Topics in Signal Processing},
pages = {684--697},
pmid = {},
primaryClass = {},
title = {{Perceptual Video Compression: A Survey}},
url = {},
volume = {6},
number = {6},
year = {2012}
}

@article{VideoTwo,
abstract = {},
archivePrefix = {},
arxivId = {},
author = {R.V. Babu and M. Tom and P. Wadekar},
doi = {},
eprint = {},
isbn = {},
issn = {},
journal = {Multimedia Tools and Applications},
pages = {1043--1078},
pmid = {},
primaryClass = {},
title = {{A survey on compressed domain video analysis techniques}},
url = {},
volume = {75},
number = {2},
year = {2014}
}

@article{MedicalOne,
abstract = {},
archivePrefix = {},
arxivId = {},
author = {Capurro, I. and Lecumberry, F. and Martin, A. and Ramirez, I. and Rovira, E. and Seroussi, G.},
doi = {},
eprint = {},
isbn = {},
issn = {},
journal = {IEEE Journal of Biomedical and Health Informatics},
pages = {904--916},
pmid = {},
primaryClass = {},
title = {{Efficient Sequential Compression of Multichannel Biomedical Signals}},
url = {},
volume = {21},
number = {4},
year = {2017}
}

@book{MedicalTwo,
archivePrefix = {},
arxivId = {},
author = {A. Naït-Ali and C. Cavaro-Ménard},
booktitle = {Compression of Biomedical Images and Signals},
doi = {},
eprint = {},
isbn = {},
issn = {},
pages = {},
pmid = {},
title = {{Compression of Biomedical Images and Signals}},
year = {2008},
edition = {},
publisher = {ISTE-Wiley}
}
