@article{ChinaMars,
abstract = {},
archivePrefix = {},
arxivId = {},
author = {Yu, G.B. and Liu, E.H. and Liu, G.L. and Zhou, L. and Zeng, J.Z. and Chen, Y.P. and Zhou, X.D. and Zhao, R.J. and Zhu, S.Y.},
doi = {},
eprint = {},
isbn = {},
issn = {},
journal = {Earth Planet. Phys.},
pages = {364--370},
pmid = {},
primaryClass = {},
title = {{Moderate Resolution Imaging Camera (MoRIC) of China's First Mars Mission Tianwen-1}},
url = {},
volume = {4},
number = {4},
year = {2020}
}
